@INPROCEEDINGS{Frigo1999,
author={M. Frigo and C. E. Leiserson and H. Prokop and S. Ramachandran},
booktitle={40th Annual Symposium on Foundations of Computer Science (Cat. No.99CB37039)},
title={Cache-oblivious algorithms},
year={1999},
pages={285-297},
keywords={computational complexity;fast Fourier transforms;matrix algebra;sorting;FFT;LRU replacement;asymptotically optimal algorithms;cache faults;cache misses;cache obliviousness;cache-oblivious algorithms;ideal-cache;rectangular matrix transpose;resource-oblivious algorithms;sorting;Algorithm design and analysis;Banking;Central Processing Unit;Hardware;Laboratories;Sorting;Strontium},
doi={10.1109/SFFCS.1999.814600},
ISSN={0272-5428},
month={},}

@MastersThesis{Prokop1999,
  author     =     {Harald Prokop},
  title     =     {Cache-oblivious algorithms}}
  school     =     {Massachusetts Inst.  of Technology},
  address     =     {USA},
  year     =     {1999},
}

@inproceedings{Frigo2005,
 author = {Frigo, Matteo and Strumpen, Volker},
 title = {Cache Oblivious Stencil Computations},
 booktitle = {Proceedings of the 19th Annual International Conference on Supercomputing},
 series = {ICS '05},
 year = {2005},
 isbn = {1-59593-167-8},
 location = {Cambridge, Massachusetts},
 pages = {361--366},
 numpages = {6},
 url = {http://doi.acm.org/10.1145/1088149.1088197},
 doi = {10.1145/1088149.1088197},
 acmid = {1088197},
 publisher = {ACM},
 address = {New York, NY, USA},
} 

@article{Frigo2007,
	 author = {Frigo, Matteo and Strumpen, Volker},
	  title = {The Memory Behavior of Cache Oblivious Stencil Computations},
	   journal = {J. Supercomput.},
	    issue_date = {February  2007},
	     volume = {39},
	      number = {2},
	       month = feb,
	        year = {2007},
		 issn = {0920-8542},
		  pages = {93--112},
		   numpages = {20},
		    url = {http://dx.doi.org/10.1007/s11227-007-0111-y},
		     doi = {10.1007/s11227-007-0111-y},
		      acmid = {1231501},
		       publisher = {Kluwer Academic Publishers},
		        address = {Hingham, MA, USA},
			 keywords = {Analysis of algorithms, Cache oblivious algorithms, Performance analysis, Stencil computations, System simulation},
} 


@inproceedings{Frigo:2006,
 author = {Frigo, Matteo and Strumpen, Volker},
 title = {The Cache Complexity of Multithreaded Cache Oblivious Algorithms},
 booktitle = {Proceedings of the Eighteenth Annual ACM Symposium on Parallelism in Algorithms and Architectures},
 series = {SPAA '06},
 year = {2006},
 isbn = {1-59593-452-9},
 location = {Cambridge, Massachusetts, USA},
 pages = {271--280},
 numpages = {10},
 url = {http://doi.acm.org/10.1145/1148109.1148157},
 doi = {10.1145/1148109.1148157},
 acmid = {1148157},
 publisher = {ACM},
 address = {New York, NY, USA},
} 

